<record><leader>00000cas a22000007a 4500</leader><controlfield tag="001">13790061</controlfield><controlfield tag="008">860627d19331934nvuwr ne      0    0eng d</controlfield><datafield ind1=" " ind2=" " tag="010"><subfield code="a">sn 86076283 </subfield></datafield><datafield ind1=" " ind2=" " tag="040"><subfield code="a">NNX</subfield><subfield code="b">eng</subfield><subfield code="c">NNX</subfield><subfield code="d">OCLCQ</subfield></datafield><datafield ind1=" " ind2=" " tag="042"><subfield code="a">msc</subfield></datafield><datafield ind1="0" ind2=" " tag="130"><subfield code="a">Austin sun (Austin, Nev.)</subfield></datafield><datafield ind1="1" ind2="4" tag="245"><subfield code="a">The Austin sun.</subfield></datafield><datafield ind1=" " ind2=" " tag="260"><subfield code="a">Austin, Nev. :</subfield><subfield code="b">W.M. Thatcher,</subfield><subfield code="c">1933-1934.</subfield></datafield><datafield ind1=" " ind2=" " tag="300"><subfield code="a">1 v. :</subfield><subfield code="b">ill.</subfield></datafield><datafield ind1=" " ind2=" " tag="310"><subfield code="a">Weekly</subfield></datafield><datafield ind1="0" ind2=" " tag="362"><subfield code="a">Vol. 1, no. 1 (Sept. 3, 1933)-v. 1, no. 43 (June 23, 1934).</subfield></datafield><datafield ind1=" " ind2=" " tag="752"><subfield code="a">United States</subfield><subfield code="b">Nevada</subfield><subfield code="c">Lander</subfield><subfield code="d">Austin.</subfield></datafield><datafield ind1="0" ind2="7" tag="785"><subfield code="t">Reese river reveille and Nevada progressive combined</subfield><subfield code="w">(DLC)sn 86076206</subfield><subfield code="w">(OCoLC)13789973</subfield></datafield><datafield ind1="0" ind2="7" tag="785"><subfield code="t">Reese river reveille and the Austin sun</subfield><subfield code="w">(DLC)sn 86076206</subfield><subfield code="w">(OCoLC)13789922</subfield></datafield></record>